@article{ta1983gardner,
  title={The HELP system},
  author={Pryor, TM and Gardner, RM and Clayton, PD and Warner, HR},
  journal={J. Med Sys},
  pages={87--102},
  year={1983}
}

@article{gardner1990computer,
  title={Computer-critiqued blood ordering using the HELP system},
  author={Gardner, Reed M and Golubjatnikov, Olaf K and Laub, R Myron and Jacobson, Julie T and Evans, R Scott},
  journal={Computers and biomedical research},
  volume={23},
  number={6},
  pages={514--528},
  year={1990},
  publisher={Elsevier}
}